%% This BibTeX bibliography file was created using BibDesk.
%% http://bibdesk.sourceforge.net/

%% Created for Stephanie Knill at 2015-11-24 22:47:28 -0800 


%% Saved with string encoding Unicode (UTF-8) 



@url{ref:convert,
	Author = {Shan Carter},
	Date-Added = {2015-11-25 05:41:14 +0000},
	Date-Modified = {2015-11-25 06:00:50 +0000},
	Lastchecked = {19 November 2015},
	Rating = {0},
	Title = {Mr. Data Converter},
	Url = {https://goo.gl/f8tOl4},
	Urldate = {2015},
	Bdsk-Url-1 = {https://goo.gl/f8tOl4}}

@electronic{ref:access,
	Author = {The University of British Columbia},
	Date-Added = {2015-11-25 05:29:28 +0000},
	Date-Modified = {2015-11-25 06:47:13 +0000},
	Lastchecked = {23 November 2015},
	Title = {Access and Diversity},
	Url = {http://students.ubc.ca/about/access},
	Urldate = {2015},
	Bdsk-Url-1 = {http://students.ubc.ca/about/access}}
